# Books
#######

@book{Binney_Tremaine,
	Author = {{Binney}, James and {Tremaine}, Scott},
	Title = {Galactic Dynamics},
	Publisher = {Princeton Univerity Press},
	Year = {2008},
	address = {Princeton, New Jesey},
	pages = {885}
}

@book{Mihalas,
	Author = {{Mihalas}, Dimitri and {Mihalas}, Barbara~W.},
	Title = {Foundations of Radiation Hydrodynamics},
	Publisher = {Oxford University Press},
	Year = {1984},
	address = {New York},
	pages = {731}
}

@book{Castor,
	Author = {{Castor}, John~I.},
	Title = {Radiation Hydrodynamics},
	Publisher = {Cambridge University Press},
	Year = {2004},
	pages = {355},
}

@book{Shu_1,
	Author = {{Shu}, Frank~H.},
	Title = {The Physics of Astrophysics: Vol. 1, Radiation},
	Publisher = {University Science Books},
	Year = {1991},
	address = {Sausalito CA},
	volume = {1},
	pages = {429}
}

@book{Shu_2,
	Author = {{Shu}, Frank~H.},
	Title = {The Physics of Astrophysics: Vol. 2, Gas Dynamics},
	Publisher = {University Science Books},
	Year = {1991},
	address = {Sausalito CA},
	volume = {2},
	pages = {476}
}

@book{Rybicki_Lightman,
	Author = {{Rybicki}, George~B. and {Lightman}, Alan~P.},
	Title = {Radiative Processes in Astrophysics},
	Publisher = {John Wiley \& Sons, Inc.},
	Year = {1979},
	pages = {382}
}

@book{Stahler_Palla,
	Author = {{Stahler}, Steven~W. and {Palla}, Francesco},
	Title = {The Formation of Stars},
	Publisher = {John Wiley \& Sons, Inc.},
	Year = {2005},
	pages = {865}
}

@book{Draine,
	Author = {{Draine}, B.~T.},
	Title = {Physics of the Interstellar and Intergalactic Medium},
	Publisher = {Princeton University Press},
	Year = {2011},
	pages = {529}
}

@book{Unsolved_Problems,
	Author = {{Ostriker}, Jeremiah~P. and {Bahcall}, J.~N.},
	Title = {Unsolved problems in astrophysics},
	Publisher = {Princeton University Press},
	Year = {1997},
	address = {Princeton, NJ}
}

@book{Enskog_Chapman,
	Author = {{Chapman}, S. and {Cowling}, T.~G.},
	Title = {The Mathematical Theory of Non-uniform Gases: An Account of the Kinetic Theory of Viscosity, Thermal Conduction and Diffusion in Gases},
	Publisher = {Cambridge University Press},
	Year = {1970},
	series = {Cambridge Mathematical Library}
}


# Papers
########

#------------------------- Introduction

@article{Orion_Survey,
	Author = {{Robberto}, M. and others},
	Title = {The Hubble Space Telescope Treasury Program on the Orion Nebula Cluster},
	Journal = {The Astrophysical Journal Supplement Series},
	Year = {2013},
	Volume = {207},
	pages = {10}
}

@article {Lada,
	Author = {{Lada}, Charles~J.},
	Title = {The physics and modes of star cluster formation: observations},
	Journal = {Philosophical Transactions of the Royal Society of London A: Mathematical, Physical and Engineering Sciences},
	Year = {2010},
	Volume = {368},
	pages = {713--731},
	publisher = {The Royal Society}
}

@article{Orion_cores,
	Author = {{Lee}, Katherine and {Looney}, Leslie~W. and {Schnee}, Scott and {Li}, Zhi-Yun},
	Title = {Earliest Stages of Protocluster Formation: Substructure and Kinematics of Starless Cores in Orion},
	Journal = {The Astrophysical Journal},
	Year = {2013},
	Volume = {772},
	pages = {100},
	number = {2}
}

@article{Cham_cores_ALMA,
	Author = {{Dunham}, M.~M. and {Offner}, S.~S.~R. and {Pineda}, J.~E. and {Bourke}, T.~L. and {Tobin}, J.~J. and {Arce}, H.~G. and {Chen}, X. and {Di Francesco}, J. and {Johnstone}, D. and {Lee}, K.~I. and {Myers}, P.~C. and {Price}, D. and {Sadavoy}, S.~I. and {Schnee}, S.},
	Title = {An ALMA Search for Substructure, Fragmentation, and Hidden Protostars in Starless Cores in Chamaeleon I},
	Journal = {ArXiv e-prints, accepted by ApJ},
	Year = {2016},
	archivePrefix = {arXiv},
	eprint = {1604.04027},
	keywords = {Astrophysics - Astrophysics of Galaxies}
}

@article{Orion_BH,
	Author = {{\v{S}ubr}, Ladislav and {Kroupa}, Pavel and {Baumgardt}, Holger},
	Title = {Catch Me If You Can: Is There a "Runaway-mass" Black Hole in the Orion Nebula Cluster?},
	Journal = {The Astrophysical Journal},
	Year = {2012},
	Volume = {757},
	pages = {37}
}

@article{ISM_3Phases,
	Author = {{McKee}, C.~F. and {Ostriker}, J.~P.},
	Title = {A theory of the interstellar medium - Three components regulated by supernova explosions in an inhomogeneous substrate},
	Journal = {The Astrophysical Journal},
	Year = {1977},
	Volume = {218},
	pages = {148--169}
}

@article{GMC_Masses,
	Author = {{Rosolowsky}, E.},
	Title = {The Mass Spectra of Giant Molecular Clouds in the Local Group},
	Journal = {Publications of the Astronomical Society of the Pacific},
	Year = {2005},
	Volume = {117},
	pages = {1403}
}

@article{MC_Masses,
	Author = {{Murray}, Norman},
	Title = {Star Formation Efficiencies and Lifetimes of Giant Molecular Clouds in the Milky Way},
	Journal = {The Astrophysical Journal},
	Year = {2011},
	Volume = {729},
	pages = {133}
}

@article{CO_tracing,
	Author = {{Wilson}, R.~W. and {Penzias}, A.~A. and {Jefferts}, K.~B.},
	Title = {Observation of the CN Radical in the Orion Nebula and W51},
	Journal = {Astrophysical Journal},
	Year = {1970},
	Volume = {161},
	pages = {L87}
}

@article{Turbulence,
	Author={{Hennebelle}, Patrick and {Falgarone}, Edith},
	Title={Turbulent molecular clouds},
	Journal={The Astronomy and Astrophysics Review},
	Year={2012},
	Volume={20},
	pages={1--58},
	number={1}
}

@article{KolmogorovA,
	Author = {{Kolmogorov}, A.~N.},
	Title = {The local structure of turbulence in incompressible viscous fluid for very large Reynolds number},
	Journal = {\cyrit{Doklady Akademii nauk SSSR} (Doklady Akademii nauk SSSR)},
	Year = {1941},
	Volume = {30},
	pages = {299--303}
}

@article{KolmogorovB,
	Author = {{Kolmogorov}, A.~N.},
	Title = {On degeneration (decay) of isotropic turbulence in an incompressible viscous liquid},
	Journal = {\cyrit{Doklady Akademii nauk SSSR} (Doklady Akademii nauk SSSR)},
	Year = {1941},
	Volume = {31},
	pages = {538--540}
}

@article{KolmogorovC,
	Author = {{Kolmogorov}, A.~N.},
	Title = {Dissipation of energy in locally isotropic turbulence},
	Journal = {\cyrit{Doklady Akademii nauk SSSR} (Doklady Akademii nauk SSSR)},
	Year = {1941},
	Volume = {32},
	pages = {16--18}
}

@article{Turbulence_key,
	Author = {{Rathborne}, J.~M. and {Longmore}, S.~N. and {Jackson}, J.~M. and {Kruijssen}, J.~M.~D. and {Alves}, J.~F. and {Bally}, J. and {Bastian}, N. and {Contreras}, Y. and {Foster}, J.~B. and {Garay}, G. and {Testi}, L. and {Walsh}, A.~J.},
	Title = {Turbulence Sets the Initial Conditions for Star Formation in High-pressure Environments},
	Journal = {The Astrophysical Journal Letters},
	Year = {2014},
	Volume = {795},
	pages = {25},
	number = {2}
}

@article{Turbulence_supersonic,
	Author = {{Bally}, J. and {Devine}, David and {Alten}, Victoria and {Sutherland}, R.~S.},
	Title = {New Herbig-Haro Flows in L1448 and L1455},
	Journal = {The Astrophysical Journal},
	Year = {1997},
	Volume = {478},
	pages = {603},
	number = {2}
}

@article{SF_regulation,
	Author = {Hopkins, Philip~F. and Quataert, Eliot and Murray, Norman},
	Title = {Self-regulated star formation in galaxies via momentum input from massive stars},
	Journal = {Monthly Notices of the Royal Astronomical Society},
	Year = {2011},
	Volume = {417},
	pages = {950--973},
	number = {2}
}

@article{Padoan_PP,
	Author = {{Padoan}, P. and {Federrath}, C. and {Chabrier}, G. and {Evans}, II, N.~J. and {Johnstone}, D. and {J{\o}rgensen}, J.~K. and {McKee}, C.~F. and {Nordlund}, {\AA}.},
	Title = {The Star Formation Rate of Molecular Clouds},
	Journal = {Protostars and Planets VI},
	Year = {2014},
	Volume = {6},
	pages = {77--100}
}

@article{MC_disruption,
	Author={{Murray}, Norman and {Quataert}, Eliot and Thompson, Todd~A.},
	Title={The Disruption of Giant Molecular Clouds by Radiation Pressure and the Efficiency of Star Formation in Galaxies},
	Journal={The Astrophysical Journal},
	Year={2010},
	Volume={709},
	pages={191},
	number={1}
}

@article{MC_supernovas,
	Author = {{K\"ortgen}, Bastian and {Seifried}, Daniel and {Banerjee}, Robi and {Vázquez-Semadeni}, Enrique and {Zamora-Avilés}, Manuel},
	Title = {Supernova feedback in molecular clouds: global evolution and dynamics},
	Journal = {Monthly Notices of the Royal Astronomical Society},
	Year = {2016},
	Volume = {459},
	pages = {3460--3474},
	number = {4}
}

@article{Ionizing_disruption,
	Author = {{Dale}, J.~E. and {Ercolano}, B. and {Bonnell}, I.~A.},
	Title = {Ionizing feedback from massive stars in massive clusters -- III. Disruption of partially unbound clouds},
	Journal = {Monthly Notices of the Royal Astronomical Society},
	Year = {2013},
	Volume = {430},
	pages = {234--246},
	number = {1}
}

#------------------------- Radiation hydrodynamics

@article{SPH_shock,
	Author = {{Hubber}, D.~A. and {Falle}, S.~A.~E.~G. and {Goodwin}, S.~P.},
	Title = {Convergence of AMR and SPH simulations - I. Hydrodynamical resolution and convergence tests},
	Journal = {Monthly Notices of the Royal Astronomical Society},
	Year = {2013},
	Volume = {432},
	pages = {711--727}
}

@article{Gadget,
	Author = {{Springel}, Volker and {Yoshida}, Naoki and {White}, Simon D.~M.},
	Title = {GADGET:  a  code  for  collisionless  and  gasdynamical  cosmological simulations},
	Journal = {New Astronomy},
	Year = {2001},
	Volume = {6},
	pages = {79--117}
}

@article{Goldsmith_cooling,
  Author = {{Goldsmith}, Paul~F.},
  Title = {Molecular Depletion and Thermal Balance in Dark Cloud Cores},
  Journal = {The Astrophysical Journal},
	Year = {2001},
  Volume = {557},
	pages = {736},
  number = {2}
}

@article{Wolfire_10K,
  Author = {{Wolfire}, Mark~G. and {Hollenbach}, David and {McKee}, Christopher~F.},
  Title = {The Dark Molecular Gas},
  Journal = {The Astrophysical Journal},
	Year = {2010},
  Volume = {716},
	pages = {1191},
  number = {2}
}

@article{Bonnor,
	Author = {{Bonnor}, W.~B.},
  Title = {Boyle's Law and gravitational instability},
  Journal = {Monthly Notices of the Royal Astronomical Society},
  Year = {1956},
  Volume = {116},
  pages = {351}
}

@article{Ebert,
	Author = {{Ebert}, R.},
	Title = {{\"U}ber die Verdichtung von HI-Gebieten},
  Journal = {Zeitschrift f{\"u}r Astrophysik},
  Year = {1955},
  Volume = {37},
  pages = {217}
}

@article{Shu_paper,
	Author = {{Shu}, Frank~H.},
	Title = {Self-similar collapse of isothermal spheres and star formation},
	Journal = {The Astrophysical Journal},
	Year = {1977},
	Volume = {214},
	pages = {488--497}
}

@PhDThesis{Larson_thesis,
	Author = {{Larson}, R.~B.},
  Title = {Dynamics of a collapsing protostar},
  School = {California Institute of Technology},
  Year = {1968}
}

@article{Larson_paper,
	Author = {{Larson}, R.~B.},
  Title = {Numerical calculations of the dynamics of collapsing proto-star},
  Journal = {Monthly Notices of the Royal Astronomical Society},
  Year = {1969},
	Volume = {145},
	pages = {271}
}

#article{Disk_formation,
	Author = {{Bate}, Matthew~R. and {Bonnell}, Ian~A.},
	Title = {Accretion during binary star formation — II. Gaseous accretion and disc formation},
	Journal = {Monthly Notices of the Royal Astronomical Society},
	Year = {1997},
	Volume = {285},
	pages = {33--48},
	number = {1}
}

@article{streaming_vs_trapped,
	Author = {{Liebend\"{o}rfer}, M. and {Whitehouse}, S.~C. and {Fischer}, T.},
  Title = {The Isotropic Diffusion Source Approximation for Supernova Neutrino Transport},
  Journal = {The Astrophysical Journal},
	Year = {2009},
  Volume = {698},
	pages = {1174},
  number = {2}
}

@article{M1_approx,
	Author = {{Levermore}, C.~D.},
	Title = {Relating Eddington factors to flux limiters},
	Journal = {Journal of Quantitative Spectroscopy and Radiative Transfer},
	Year = {1984},
	Volume = {31},
	pages = {149--160},
	number = {2}
}

#------------------------- Numerical methods

@book{LeVeque,
  Author = {{LeVeque}, Randall~J.},
	Title = {Finite Volume Methods for Hyperbolic Problems},
	Publisher = {Cambridge University Press},
	Year = {2002},
	pages = {553},
  series = {Cambridge Texts in Applied Mathematics}
}

@book{Toro,
	Author = {{Toro}, E.~F.},
  Title = {Riemann Solvers and Numerical Methods for Fluid Dynamics: A Practical Introduction},
	Publisher = {Springer Berlin Heidelberg},
  Year = {2014},
	pages = {642}
}

@article{Romain_numerical,
	Author = {{Teyssier}, Romain},
  Title = {Grid-Based Hydrodynamics in Astrophysical Fluid Flows},
  Journal = {Annual Review of Astronomy and Astrophysics},
  Year = {2015},
  Volume = {53},
  number = {1},
  pages = {325--364}
}

@article{GIZMO,
	Author = {{Hopkins}, Philip~F.},
	Title = {A new class of accurate, mesh-free hydrodynamic simulation methods},
	Journal = {Monthly Notices of the Royal Astronomical Society},
	Year = {2015},
	Volume = {450},
	number = {1},
	pages = {53--110}
}

@article{AREPO,
	Author = {{Springel}, Volker},
	Title = {E pur si muove: Galilean-invariant cosmological hydrodynamical simulations on a moving mesh},
	Journal = {Monthly Notices of the Royal Astronomical Society},
	Year = {2010},
	Volume = {401},
	number = {2},
	pages = {791--851}
}


@article{SPH_gingold_monaghan,
	Author = {{Gingold}, R.~A. and {Monaghan}, J.~J.},
  Title = {Smoothed particle hydrodynamics - Theory and application to non-spherical stars},
  Journal = {Monthly Notices of the Royal Astronomical Society},
  Year = {1977},
	Volume = {181},
	pages = {375--389}
}

@article{SPH_lucy,
	Author = {{Lucy}, L.~B.},
  Title = {A numerical approach to the testing of the fission hypothesis},
  Journal = {The Astrophysical Journal},
  Year = {1977},
  Volume = {82},
	pages = {1013--1024}
}

@article{AMR_colella,
	Author = {{Berger}, M.~J. and {Colella}, Phillip},
	Title = {Local Adaptive Mesh Refinement for Shock Hydrodynamics},
	Journal = {Journal of Computational Physics},
	Year = {1989},
	Volume = {82},
	pages = {64--84}
}

@article{Godunov_1959,
	Author = {{Godunov}, Sergei~K.},
	Title = {A difference method for numerical calculation of discontinuous solutions of the equations of hydrodynamics},
	Journal = {\cyrit{Matematicheskii Sbornik} (Matematicheskii Sbornik)},
	Year = {1959},
	Volume = {47(89)},
	issue = {3},
	pages = {271--306}
}

@article{Roe,
	Author = {{Roe}, P.~L},
	Title = {Approximate Riemann solvers, parameter vectors, and difference schemes},
	Journal = {Journal of Computational Physics},
	Year = {1981},
	Volume = {43},
	pages = {357--372}
}

@article{Osher_Engquist,
	Author = {{Engquist}, Bj\"orn and {Osher}, Stanley},
	Title = {One-sided difference approximations for nonlinear conservation laws},
	Journal = {Mathematics of Computation},
	Year = {1981},
	Volume = {36},
	pages = {321--351}
}

@article{Osher_Solomon,
	Author = {{Solomon}, Fred and {Osher}, Stanley},
	Title = {Upwind difference schemes for hyperbolic systems of conservation laws},
	Journal = {Mathematics of Computation},
	Year = {1982},
	Volume = {38},
	pages = {339--374}
}

@article{HLL,
	Author = {{Harten}, Amiram and {Lax}, Peter~D. and {van Leer}, Bram},
	Title = {On Upstream Differencing and Godunov-Type Schemes for Hyperbolic Conservation Laws},
	Journal = {Society for Industrial and Applied Mathematics Review},
	Year = {1983},
	Volume = {25},
	number = {1},
	pages = {35-61}
}

@article{HLLC,
	Author = {Toro, E.~F. and Spruce, M. and Speares, W.},
	Title = {Restoration of the contact surface in the HLL-Riemann solver},
	Journal = {Shock Waves},
	Year = {1994},
	Volume = {4},
	number = {1},
	pages = {25--34}
}

@article{PPM_Colella,
	Author = {{Colella}, Phillip and {Woodward}, Paul~R.},
	Title = {The Piecewise Parabolic Method (PPM) for Gas-Dynamical Simulations},
	Journal = {Journal of Computational Physics},
	Year = {1984},
	Volume = {54},
	pages = {174--201}
}

@article{Harten_TVD,
	Author = {{Harten}, Amiram},
	Title = {High Resolution Schemes for Hyperbolic Conservation Laws},
	Journal = {Journal of Computational Physics},
	Year = {1997},
	Volume = {135},
	number = {2},
	pages = {260--278}
}

@article{vanLeer_fluxlimiter,
  Author = {{van Leer}, Bram},
  Title = {Towards the ultimate conservative difference scheme. II. Monotonicity and conservation combined in a second-order scheme},
  Journal = {Journal of Computational Physics},
  Year = {1974},
  Volume = {14},
  number = {4},
  pages = {361--370}
}

@Inbook{Sweby,
  Author = {{Sweby}, Peter~K.},
  Editor = {{Toro}, E.~F.},
  Title = {Godunov Methods},
  Booktitle = {Godunov Methods: Theory and Applications},
  Year = {2001},
  Publisher = {Springer US},
  address = {Boston, MA},
  pages = {879--898}
}

@article{MUSCL_1,
	Author = {{van Leer}, Bram},
	Title = {Towards the ultimate conservative difference scheme. IV. A new approach to numerical convection},
	Journal = {Journal of Computational Physics},
	Year = {1977},
	Volume = {23},
	number = {3},
	pages = {276--299}
}

@article{MUSCL_2,
	Author = {{van Leer}, Bram},
	Title = {Towards the ultimate conservative difference scheme. V. A second-order sequel to Godunov's method},
	Journal = {Journal of Computational Physics},
	Year = {1979},
	Volume = {32},
	number = {1},
	pages = {101--136}
}

@article{LeVeque_source_balancing,
	Author = {{LeVeque}, Randall~J.},
 	Title = {Balancing Source Terms and Flux Gradients in High-Resolution Godunov Methods},
 	Journal = {Journal of Computational Physics},
 	Year = {1998},
 	Volume = {146},
 	number = {1},
 	pages = {346--365}
}

@article{Multigrid_Poisson,
	Author = {{Guillet}, Thomas and {Teyssier}, Romain},
	Title = {A simple multigrid scheme for solving the Poisson equation with arbitrary domain boundaries},
	Journal = {Journal of Computational Physics},
	Year = {2011},
	Volume = {230},
	number = {12},
	pages = {4756--4771}
}

@article{Berthon_diff_flux,
  Author = {{Berthon}, Christophe and {Charrier}, Pierre and {Dubroca}, Bruno},
  Title = {An HLLC Scheme to Solve The M1 Model of Radiative Transfer in Two Space Dimensions},
  Journal = {Journal of Scientific Computing},
  Year = {2007},
  Volume = {31},
  number = {3},
  pages = {347--389}
}

@article{Romain_RAMSES,
	Author = {{Teyssier}, Romain},
	Title = {Cosmological hydrodynamics with adaptive mesh refinement: a new high resolution code called RAMSES},
	Journal = {Astronomy and Astrophysics},
	Year = {2002},
	Volume = {385},
	number = {1},
	pages = {337--364}
}

@article{Fully_Threaded_Tree,
  Author = {{Khokhlov}, A.~M},
  Title = {Fully Threaded Tree Algorithms for Adaptive Refinement Fluid Dynamics Simulations},
  Journal = {Journal of Computational Physics},
  Year = {1998},
  Volume = {143},
  number = {2},
  pages = {519--543}
}

@article{Andreas_sinks,
	Author = {{Bleuler}, Andreas and {Teyssier}, Romain},
	Title = {Towards a more realistic sink particle algorithm for the RAMSES code},
	Journal = {Monthly Notices of the Royal Astronomical Society},
	Year = {2014},
	Volume = {445},
	number = {4},
	pages = {4015--4036}
}

@article{Joki_RT,
	Author = {{Rosdahl}, J. and {Blaizot}, J. and {Aubert}, D. and {Stranex}, T. and {Teyssier}, R.},
	Title = {RAMSES--RT: radiation hydrodynamics in the cosmological context},
	Journal = {Monthly Notices of the Royal Astronomical Society},
	Year = {2013},
	Volume = {436},
	number = {3},
	pages = {2188--2231}
}

@article{Joki_IR,
	Author = {{Rosdahl}, Joakim and {Teyssier}, Romain},
	Title = {A scheme for radiation pressure and photon diffusion with the M1 closure in RAMSES-RT},
	Journal = {Monthly Notices of the Royal Astronomical Society},
	Year = {2015},
	Volume = {449},
	number = {4},
	pages = {4380--4403}
}

#------------------------- Simulations

@article{Skinner_Ostriker,
	Author={{Skinner}, M.~Aaron and {Ostriker}, Eve~C.},
	Title={Numerical Simulations of Turbulent Molecular Clouds Regulated by Reprocessed Radiation Feedback from Nascent Super Star Clusters},
	Journal={The Astrophysical Journal},
	Year={2015},
	Volume={809},
	number={2},
	pages={187}
}

@inproceedings{Commercon_binaries,
	Author = {{Commer{\c c}on}, B. and {Hennebelle}, P. and {Audit}, E. and {Chabrier}, G. and {Teyssier}, R.},
  Title = {Numerical methods comparison for protostellar collapse calculations},
	Booktitle = {SF2A-2007: Proceedings of the Annual meeting of the French Society of Astronomy and Astrophysics},
  Year = {2007},
	Editor = {{Bouvier}, J. and {Chalabaev}, A. and {Charbonnel}, C.},
  pages = {453}
}

@article{Commercon_collapse,
	Author = {{Vaytet}, N. and {Chabrier}, G. and {Audit}, E. and {Commer{\c c}on}, B. and {Masson}, J. and {Ferguson}, J. and {Delahaye}, F.},
  Title = {Simulations of protostellar collapse using multigroup radiation hydrodynamics. II. The second collapse},
  Journal = {Astronomy and Astrophysics},
	Year = {2013},
  Volume = {557},
  pages = {A90}
}

@article{Charbier,
	Author = {{Chabrier}, G.},
  Title = {Galactic Stellar and Substellar Initial Mass Function},
  Journal = {Publications of the Astronomical Society of the Pacific},
  Year = {2003},
  Volume = {115},
  pages = {763--795}
}

@article{Kroupa,
	Author = {{Kroupa}, P.},
  Title = {The Initial Mass Function of Stars: Evidence for Uniformity in Variable Systems},
  Journal = {Science},
  Year = {2002},
  Volume = {295},
  pages = {82--91}
}

#------------------------- Appendix C

@article{Davisetal,
	Author={{Davis}, Shane~W. and {Jiang}, Yan--Fei and {Stone}, James~M. and {Murray}, Norman},
	Title={Radiation Feedback in ULIRGs: Are Photons Movers and Shakers?},
	Journal={The Astrophysical Journal},
	Year={2014},
	Volume={796},
	number={2},
	pages={107}
}

#------------------------- Repertoire

@article{Lagrangian_code,
	Author = {{Caramana}, E.~J. and {Burton}, D.~E. and {Shashkov}, M.~J. and {Whalen}, P.~P.},
	Title = {The Construction of Compatible Hydrodynamics Algorithms Utilizing Conservation of Total Energy},
	Journal = {Journal of Computational Physics},
	Year = {1998},
	Volume = {146},
	pages = {227--262}
}

@article{MUSCL_colella,
	Author = {{Colella}, Phillip},
	Title = {Multidimensional upwind methods for hyperbolic conservation laws},
  Journal = {Journal of Computational Physics},
 	Year = {1990},
  Volume = {87},
  pages = {171--200}
}
